%YAML 1.1
%TAG !u! tag:unity3d.com,2011:
--- !u!1 &1803071898400815905
GameObject:
  m_ObjectHideFlags: 0
  m_CorrespondingSourceObject: {fileID: 0}
  m_PrefabInstance: {fileID: 0}
  m_PrefabAsset: {fileID: 0}
  serializedVersion: 6
  m_Component:
  - component: {fileID: 8211705927691323106}
  - component: {fileID: 1392396547510229616}
  m_Layer: 0
  m_Name: Shadow
  m_TagString: Untagged
  m_Icon: {fileID: 0}
  m_NavMeshLayer: 0
  m_StaticEditorFlags: 0
  m_IsActive: 1
--- !u!4 &8211705927691323106
Transform:
  m_ObjectHideFlags: 0
  m_CorrespondingSourceObject: {fileID: 0}
  m_PrefabInstance: {fileID: 0}
  m_PrefabAsset: {fileID: 0}
  m_GameObject: {fileID: 1803071898400815905}
  m_LocalRotation: {x: 0, y: 0, z: 0, w: 1}
  m_LocalPosition: {x: 0, y: 0, z: 0}
  m_LocalScale: {x: 1, y: 1, z: 1}
  m_ConstrainProportionsScale: 0
  m_Children: []
  m_Father: {fileID: 7054052037705355346}
  m_RootOrder: 2
  m_LocalEulerAnglesHint: {x: 0, y: 0, z: 0}
--- !u!212 &1392396547510229616
SpriteRenderer:
  m_ObjectHideFlags: 0
  m_CorrespondingSourceObject: {fileID: 0}
  m_PrefabInstance: {fileID: 0}
  m_PrefabAsset: {fileID: 0}
  m_GameObject: {fileID: 1803071898400815905}
  m_Enabled: 1
  m_CastShadows: 0
  m_ReceiveShadows: 0
  m_DynamicOccludee: 1
  m_StaticShadowCaster: 0
  m_MotionVectors: 1
  m_LightProbeUsage: 1
  m_ReflectionProbeUsage: 1
  m_RayTracingMode: 0
  m_RayTraceProcedural: 0
  m_RenderingLayerMask: 1
  m_RendererPriority: 0
  m_Materials:
  - {fileID: 10754, guid: 0000000000000000f000000000000000, type: 0}
  m_StaticBatchInfo:
    firstSubMesh: 0
    subMeshCount: 0
  m_StaticBatchRoot: {fileID: 0}
  m_ProbeAnchor: {fileID: 0}
  m_LightProbeVolumeOverride: {fileID: 0}
  m_ScaleInLightmap: 1
  m_ReceiveGI: 1
  m_PreserveUVs: 0
  m_IgnoreNormalsForChartDetection: 0
  m_ImportantGI: 0
  m_StitchLightmapSeams: 1
  m_SelectedEditorRenderState: 0
  m_MinimumChartSize: 4
  m_AutoUVMaxDistance: 0.5
  m_AutoUVMaxAngle: 89
  m_LightmapParameters: {fileID: 0}
  m_SortingLayerID: 0
  m_SortingLayer: 0
  m_SortingOrder: 0
  m_Sprite: {fileID: 21300000, guid: f9b1a6c812143d747b456c99e8fcd143, type: 3}
  m_Color: {r: 0, g: 0, b: 0, a: 1}
  m_FlipX: 0
  m_FlipY: 0
  m_DrawMode: 0
  m_Size: {x: 1, y: 1}
  m_AdaptiveModeThreshold: 0.5
  m_SpriteTileMode: 0
  m_WasSpriteAssigned: 1
  m_MaskInteraction: 0
  m_SpriteSortPoint: 0
--- !u!1 &2521012251856302498
GameObject:
  m_ObjectHideFlags: 0
  m_CorrespondingSourceObject: {fileID: 0}
  m_PrefabInstance: {fileID: 0}
  m_PrefabAsset: {fileID: 0}
  serializedVersion: 6
  m_Component:
  - component: {fileID: 8521716301236396963}
  - component: {fileID: 3611408296234707766}
  m_Layer: 0
  m_Name: Shadow
  m_TagString: Untagged
  m_Icon: {fileID: 0}
  m_NavMeshLayer: 0
  m_StaticEditorFlags: 0
  m_IsActive: 1
--- !u!4 &8521716301236396963
Transform:
  m_ObjectHideFlags: 0
  m_CorrespondingSourceObject: {fileID: 0}
  m_PrefabInstance: {fileID: 0}
  m_PrefabAsset: {fileID: 0}
  m_GameObject: {fileID: 2521012251856302498}
  m_LocalRotation: {x: 0, y: 0, z: 0, w: 1}
  m_LocalPosition: {x: 0, y: 0, z: 0}
  m_LocalScale: {x: 1, y: 1, z: 1}
  m_ConstrainProportionsScale: 0
  m_Children: []
  m_Father: {fileID: 8114792201716765112}
  m_RootOrder: 2
  m_LocalEulerAnglesHint: {x: 0, y: 0, z: 0}
--- !u!212 &3611408296234707766
SpriteRenderer:
  m_ObjectHideFlags: 0
  m_CorrespondingSourceObject: {fileID: 0}
  m_PrefabInstance: {fileID: 0}
  m_PrefabAsset: {fileID: 0}
  m_GameObject: {fileID: 2521012251856302498}
  m_Enabled: 1
  m_CastShadows: 0
  m_ReceiveShadows: 0
  m_DynamicOccludee: 1
  m_StaticShadowCaster: 0
  m_MotionVectors: 1
  m_LightProbeUsage: 1
  m_ReflectionProbeUsage: 1
  m_RayTracingMode: 0
  m_RayTraceProcedural: 0
  m_RenderingLayerMask: 1
  m_RendererPriority: 0
  m_Materials:
  - {fileID: 10754, guid: 0000000000000000f000000000000000, type: 0}
  m_StaticBatchInfo:
    firstSubMesh: 0
    subMeshCount: 0
  m_StaticBatchRoot: {fileID: 0}
  m_ProbeAnchor: {fileID: 0}
  m_LightProbeVolumeOverride: {fileID: 0}
  m_ScaleInLightmap: 1
  m_ReceiveGI: 1
  m_PreserveUVs: 0
  m_IgnoreNormalsForChartDetection: 0
  m_ImportantGI: 0
  m_StitchLightmapSeams: 1
  m_SelectedEditorRenderState: 0
  m_MinimumChartSize: 4
  m_AutoUVMaxDistance: 0.5
  m_AutoUVMaxAngle: 89
  m_LightmapParameters: {fileID: 0}
  m_SortingLayerID: 0
  m_SortingLayer: 0
  m_SortingOrder: 0
  m_Sprite: {fileID: 21300000, guid: f9b1a6c812143d747b456c99e8fcd143, type: 3}
  m_Color: {r: 0, g: 0, b: 0, a: 1}
  m_FlipX: 0
  m_FlipY: 0
  m_DrawMode: 0
  m_Size: {x: 1, y: 1}
  m_AdaptiveModeThreshold: 0.5
  m_SpriteTileMode: 0
  m_WasSpriteAssigned: 1
  m_MaskInteraction: 0
  m_SpriteSortPoint: 0
--- !u!1 &3112779726433949695
GameObject:
  m_ObjectHideFlags: 0
  m_CorrespondingSourceObject: {fileID: 0}
  m_PrefabInstance: {fileID: 0}
  m_PrefabAsset: {fileID: 0}
  serializedVersion: 6
  m_Component:
  - component: {fileID: 6755950996765124709}
  - component: {fileID: 3398974183863284471}
  - component: {fileID: 3448187236399946523}
  - component: {fileID: 4888529339340995151}
  m_Layer: 0
  m_Name: Cube
  m_TagString: Untagged
  m_Icon: {fileID: 0}
  m_NavMeshLayer: 0
  m_StaticEditorFlags: 0
  m_IsActive: 0
--- !u!4 &6755950996765124709
Transform:
  m_ObjectHideFlags: 0
  m_CorrespondingSourceObject: {fileID: 0}
  m_PrefabInstance: {fileID: 0}
  m_PrefabAsset: {fileID: 0}
  m_GameObject: {fileID: 3112779726433949695}
  m_LocalRotation: {x: 0, y: 0, z: 0, w: 1}
  m_LocalPosition: {x: 0, y: 0, z: 0}
  m_LocalScale: {x: 1, y: 1, z: 1}
  m_ConstrainProportionsScale: 0
  m_Children: []
  m_Father: {fileID: 5074074206185974081}
  m_RootOrder: 1
  m_LocalEulerAnglesHint: {x: 0, y: 0, z: 0}
--- !u!33 &3398974183863284471
MeshFilter:
  m_ObjectHideFlags: 0
  m_CorrespondingSourceObject: {fileID: 0}
  m_PrefabInstance: {fileID: 0}
  m_PrefabAsset: {fileID: 0}
  m_GameObject: {fileID: 3112779726433949695}
  m_Mesh: {fileID: 10202, guid: 0000000000000000e000000000000000, type: 0}
--- !u!23 &3448187236399946523
MeshRenderer:
  m_ObjectHideFlags: 0
  m_CorrespondingSourceObject: {fileID: 0}
  m_PrefabInstance: {fileID: 0}
  m_PrefabAsset: {fileID: 0}
  m_GameObject: {fileID: 3112779726433949695}
  m_Enabled: 1
  m_CastShadows: 1
  m_ReceiveShadows: 1
  m_DynamicOccludee: 1
  m_StaticShadowCaster: 0
  m_MotionVectors: 1
  m_LightProbeUsage: 1
  m_ReflectionProbeUsage: 1
  m_RayTracingMode: 2
  m_RayTraceProcedural: 0
  m_RenderingLayerMask: 1
  m_RendererPriority: 0
  m_Materials:
  - {fileID: 2100000, guid: 31321ba15b8f8eb4c954353edc038b1d, type: 2}
  m_StaticBatchInfo:
    firstSubMesh: 0
    subMeshCount: 0
  m_StaticBatchRoot: {fileID: 0}
  m_ProbeAnchor: {fileID: 0}
  m_LightProbeVolumeOverride: {fileID: 0}
  m_ScaleInLightmap: 1
  m_ReceiveGI: 1
  m_PreserveUVs: 0
  m_IgnoreNormalsForChartDetection: 0
  m_ImportantGI: 0
  m_StitchLightmapSeams: 1
  m_SelectedEditorRenderState: 3
  m_MinimumChartSize: 4
  m_AutoUVMaxDistance: 0.5
  m_AutoUVMaxAngle: 89
  m_LightmapParameters: {fileID: 0}
  m_SortingLayerID: 0
  m_SortingLayer: 0
  m_SortingOrder: 0
  m_AdditionalVertexStreams: {fileID: 0}
--- !u!65 &4888529339340995151
BoxCollider:
  m_ObjectHideFlags: 0
  m_CorrespondingSourceObject: {fileID: 0}
  m_PrefabInstance: {fileID: 0}
  m_PrefabAsset: {fileID: 0}
  m_GameObject: {fileID: 3112779726433949695}
  m_Material: {fileID: 0}
  m_IsTrigger: 0
  m_Enabled: 1
  serializedVersion: 2
  m_Size: {x: 1, y: 1, z: 1}
  m_Center: {x: 0, y: 0, z: 0}
--- !u!1 &4891393965942451533
GameObject:
  m_ObjectHideFlags: 0
  m_CorrespondingSourceObject: {fileID: 0}
  m_PrefabInstance: {fileID: 0}
  m_PrefabAsset: {fileID: 0}
  serializedVersion: 6
  m_Component:
  - component: {fileID: 6374617474805056057}
  - component: {fileID: 8838422933117480841}
  m_Layer: 0
  m_Name: Shadow
  m_TagString: Untagged
  m_Icon: {fileID: 0}
  m_NavMeshLayer: 0
  m_StaticEditorFlags: 0
  m_IsActive: 1
--- !u!4 &6374617474805056057
Transform:
  m_ObjectHideFlags: 0
  m_CorrespondingSourceObject: {fileID: 0}
  m_PrefabInstance: {fileID: 0}
  m_PrefabAsset: {fileID: 0}
  m_GameObject: {fileID: 4891393965942451533}
  m_LocalRotation: {x: 0, y: 0, z: 0, w: 1}
  m_LocalPosition: {x: 0, y: 0, z: 0}
  m_LocalScale: {x: 1, y: 1, z: 1}
  m_ConstrainProportionsScale: 0
  m_Children: []
  m_Father: {fileID: 8185764360863135599}
  m_RootOrder: 2
  m_LocalEulerAnglesHint: {x: 0, y: 0, z: 0}
--- !u!212 &8838422933117480841
SpriteRenderer:
  m_ObjectHideFlags: 0
  m_CorrespondingSourceObject: {fileID: 0}
  m_PrefabInstance: {fileID: 0}
  m_PrefabAsset: {fileID: 0}
  m_GameObject: {fileID: 4891393965942451533}
  m_Enabled: 1
  m_CastShadows: 0
  m_ReceiveShadows: 0
  m_DynamicOccludee: 1
  m_StaticShadowCaster: 0
  m_MotionVectors: 1
  m_LightProbeUsage: 1
  m_ReflectionProbeUsage: 1
  m_RayTracingMode: 0
  m_RayTraceProcedural: 0
  m_RenderingLayerMask: 1
  m_RendererPriority: 0
  m_Materials:
  - {fileID: 10754, guid: 0000000000000000f000000000000000, type: 0}
  m_StaticBatchInfo:
    firstSubMesh: 0
    subMeshCount: 0
  m_StaticBatchRoot: {fileID: 0}
  m_ProbeAnchor: {fileID: 0}
  m_LightProbeVolumeOverride: {fileID: 0}
  m_ScaleInLightmap: 1
  m_ReceiveGI: 1
  m_PreserveUVs: 0
  m_IgnoreNormalsForChartDetection: 0
  m_ImportantGI: 0
  m_StitchLightmapSeams: 1
  m_SelectedEditorRenderState: 0
  m_MinimumChartSize: 4
  m_AutoUVMaxDistance: 0.5
  m_AutoUVMaxAngle: 89
  m_LightmapParameters: {fileID: 0}
  m_SortingLayerID: 0
  m_SortingLayer: 0
  m_SortingOrder: 0
  m_Sprite: {fileID: 21300000, guid: f9b1a6c812143d747b456c99e8fcd143, type: 3}
  m_Color: {r: 0, g: 0, b: 0, a: 1}
  m_FlipX: 0
  m_FlipY: 0
  m_DrawMode: 0
  m_Size: {x: 1, y: 1}
  m_AdaptiveModeThreshold: 0.5
  m_SpriteTileMode: 0
  m_WasSpriteAssigned: 1
  m_MaskInteraction: 0
  m_SpriteSortPoint: 0
--- !u!1 &5562032847366638947
GameObject:
  m_ObjectHideFlags: 0
  m_CorrespondingSourceObject: {fileID: 0}
  m_PrefabInstance: {fileID: 0}
  m_PrefabAsset: {fileID: 0}
  serializedVersion: 6
  m_Component:
  - component: {fileID: 7256503552108178458}
  - component: {fileID: 3821331343532224161}
  - component: {fileID: 8225041327254725429}
  - component: {fileID: 5675981205249315926}
  - component: {fileID: 448524930874821260}
  m_Layer: 0
  m_Name: ArrowObject
  m_TagString: Untagged
  m_Icon: {fileID: 0}
  m_NavMeshLayer: 0
  m_StaticEditorFlags: 0
  m_IsActive: 0
--- !u!4 &7256503552108178458
Transform:
  m_ObjectHideFlags: 0
  m_CorrespondingSourceObject: {fileID: 0}
  m_PrefabInstance: {fileID: 0}
  m_PrefabAsset: {fileID: 0}
  m_GameObject: {fileID: 5562032847366638947}
  m_LocalRotation: {x: 0, y: 0, z: 0, w: 1}
  m_LocalPosition: {x: 0, y: 0, z: 0}
  m_LocalScale: {x: 1, y: 1, z: 1}
  m_ConstrainProportionsScale: 0
  m_Children: []
  m_Father: {fileID: 5074074206185974081}
  m_RootOrder: 0
  m_LocalEulerAnglesHint: {x: 0, y: 0, z: 0}
--- !u!212 &3821331343532224161
SpriteRenderer:
  m_ObjectHideFlags: 0
  m_CorrespondingSourceObject: {fileID: 0}
  m_PrefabInstance: {fileID: 0}
  m_PrefabAsset: {fileID: 0}
  m_GameObject: {fileID: 5562032847366638947}
  m_Enabled: 1
  m_CastShadows: 0
  m_ReceiveShadows: 0
  m_DynamicOccludee: 1
  m_StaticShadowCaster: 0
  m_MotionVectors: 1
  m_LightProbeUsage: 1
  m_ReflectionProbeUsage: 1
  m_RayTracingMode: 0
  m_RayTraceProcedural: 0
  m_RenderingLayerMask: 1
  m_RendererPriority: 0
  m_Materials:
  - {fileID: 10754, guid: 0000000000000000f000000000000000, type: 0}
  m_StaticBatchInfo:
    firstSubMesh: 0
    subMeshCount: 0
  m_StaticBatchRoot: {fileID: 0}
  m_ProbeAnchor: {fileID: 0}
  m_LightProbeVolumeOverride: {fileID: 0}
  m_ScaleInLightmap: 1
  m_ReceiveGI: 1
  m_PreserveUVs: 0
  m_IgnoreNormalsForChartDetection: 0
  m_ImportantGI: 0
  m_StitchLightmapSeams: 1
  m_SelectedEditorRenderState: 0
  m_MinimumChartSize: 4
  m_AutoUVMaxDistance: 0.5
  m_AutoUVMaxAngle: 89
  m_LightmapParameters: {fileID: 0}
  m_SortingLayerID: 0
  m_SortingLayer: 0
  m_SortingOrder: 0
  m_Sprite: {fileID: 21300000, guid: f9b1a6c812143d747b456c99e8fcd143, type: 3}
  m_Color: {r: 1, g: 1, b: 1, a: 1}
  m_FlipX: 0
  m_FlipY: 0
  m_DrawMode: 0
  m_Size: {x: 0.2, y: 0.2}
  m_AdaptiveModeThreshold: 0.5
  m_SpriteTileMode: 0
  m_WasSpriteAssigned: 1
  m_MaskInteraction: 0
  m_SpriteSortPoint: 0
--- !u!65 &8225041327254725429
BoxCollider:
  m_ObjectHideFlags: 0
  m_CorrespondingSourceObject: {fileID: 0}
  m_PrefabInstance: {fileID: 0}
  m_PrefabAsset: {fileID: 0}
  m_GameObject: {fileID: 5562032847366638947}
  m_Material: {fileID: 0}
  m_IsTrigger: 1
  m_Enabled: 1
  serializedVersion: 2
  m_Size: {x: 0.8, y: 0.2, z: 0.2}
  m_Center: {x: 0, y: 0, z: 0}
--- !u!114 &5675981205249315926
MonoBehaviour:
  m_ObjectHideFlags: 0
  m_CorrespondingSourceObject: {fileID: 0}
  m_PrefabInstance: {fileID: 0}
  m_PrefabAsset: {fileID: 0}
  m_GameObject: {fileID: 5562032847366638947}
  m_Enabled: 1
  m_EditorHideFlags: 0
  m_Script: {fileID: 11500000, guid: 2d37e36ed2bc30d40a486e89c1f49b74, type: 3}
  m_Name: 
  m_EditorClassIdentifier: 
--- !u!54 &448524930874821260
Rigidbody:
  m_ObjectHideFlags: 0
  m_CorrespondingSourceObject: {fileID: 0}
  m_PrefabInstance: {fileID: 0}
  m_PrefabAsset: {fileID: 0}
  m_GameObject: {fileID: 5562032847366638947}
  serializedVersion: 2
  m_Mass: 1
  m_Drag: 0
  m_AngularDrag: 0
  m_UseGravity: 0
  m_IsKinematic: 0
  m_Interpolate: 0
  m_Constraints: 0
  m_CollisionDetection: 0
--- !u!1 &6281669124287957226
GameObject:
  m_ObjectHideFlags: 0
  m_CorrespondingSourceObject: {fileID: 0}
  m_PrefabInstance: {fileID: 0}
  m_PrefabAsset: {fileID: 0}
  serializedVersion: 6
  m_Component:
  - component: {fileID: 5074074206185974081}
  - component: {fileID: 8053448793002097567}
  m_Layer: 0
  m_Name: TripleArrowAttack
  m_TagString: Untagged
  m_Icon: {fileID: 0}
  m_NavMeshLayer: 0
  m_StaticEditorFlags: 0
  m_IsActive: 1
--- !u!4 &5074074206185974081
Transform:
  m_ObjectHideFlags: 0
  m_CorrespondingSourceObject: {fileID: 0}
  m_PrefabInstance: {fileID: 0}
  m_PrefabAsset: {fileID: 0}
  m_GameObject: {fileID: 6281669124287957226}
  m_LocalRotation: {x: 0, y: 0, z: 0, w: 1}
  m_LocalPosition: {x: 0, y: 0, z: 0}
  m_LocalScale: {x: 1, y: 1, z: 1}
  m_ConstrainProportionsScale: 0
  m_Children:
  - {fileID: 7256503552108178458}
  - {fileID: 6755950996765124709}
  - {fileID: 5612467626505695083}
  - {fileID: 5541494908981660092}
  - {fileID: 6673195445415325313}
  m_Father: {fileID: 0}
  m_RootOrder: 0
  m_LocalEulerAnglesHint: {x: 0, y: 0, z: 0}
--- !u!114 &8053448793002097567
MonoBehaviour:
  m_ObjectHideFlags: 0
  m_CorrespondingSourceObject: {fileID: 0}
  m_PrefabInstance: {fileID: 0}
  m_PrefabAsset: {fileID: 0}
  m_GameObject: {fileID: 6281669124287957226}
  m_Enabled: 1
  m_EditorHideFlags: 0
  m_Script: {fileID: 11500000, guid: 02b70b34d6bde7c4e9c798df12e8946d, type: 3}
  m_Name: 
  m_EditorClassIdentifier: 
  ownerUnitProperties: {fileID: 0}
  effect: {fileID: 0}
  hasFinishedEffect: 0
  childrenEffects: []
  arrowUp: {fileID: 5020736958615234635}
  arrowUpRight: {fileID: 4947512578744192668}
  arrowRight: {fileID: 6112989837689874849}
--- !u!1001 &4932477890782127481
PrefabInstance:
  m_ObjectHideFlags: 0
  serializedVersion: 2
  m_Modification:
    m_TransformParent: {fileID: 5074074206185974081}
    m_Modifications:
    - target: {fileID: 1199678634157837528, guid: 099a42803650a1249b12b67ed6c034a1,
        type: 3}
      propertyPath: damageValue
      value: 2
      objectReference: {fileID: 0}
    - target: {fileID: 1199678634157837528, guid: 099a42803650a1249b12b67ed6c034a1,
        type: 3}
      propertyPath: parentAttack
      value: 
      objectReference: {fileID: 8053448793002097567}
    - target: {fileID: 1199678634157837528, guid: 099a42803650a1249b12b67ed6c034a1,
        type: 3}
      propertyPath: fireProjectile
      value: 1
      objectReference: {fileID: 0}
    - target: {fileID: 1199678634157837528, guid: 099a42803650a1249b12b67ed6c034a1,
        type: 3}
      propertyPath: projectileSpeed
      value: 6
      objectReference: {fileID: 0}
    - target: {fileID: 1199678634157837528, guid: 099a42803650a1249b12b67ed6c034a1,
        type: 3}
      propertyPath: delayBeforeDestroy
      value: 0
      objectReference: {fileID: 0}
    - target: {fileID: 1669449393858471854, guid: 099a42803650a1249b12b67ed6c034a1,
        type: 3}
      propertyPath: m_LocalScale.x
      value: 0.6
      objectReference: {fileID: 0}
    - target: {fileID: 1669449393858471854, guid: 099a42803650a1249b12b67ed6c034a1,
        type: 3}
      propertyPath: m_LocalPosition.z
      value: 0
      objectReference: {fileID: 0}
    - target: {fileID: 1794787139179072504, guid: 099a42803650a1249b12b67ed6c034a1,
        type: 3}
      propertyPath: m_RootOrder
      value: 4
      objectReference: {fileID: 0}
    - target: {fileID: 1794787139179072504, guid: 099a42803650a1249b12b67ed6c034a1,
        type: 3}
      propertyPath: m_LocalPosition.x
      value: 0
      objectReference: {fileID: 0}
    - target: {fileID: 1794787139179072504, guid: 099a42803650a1249b12b67ed6c034a1,
        type: 3}
      propertyPath: m_LocalPosition.y
      value: 0
      objectReference: {fileID: 0}
    - target: {fileID: 1794787139179072504, guid: 099a42803650a1249b12b67ed6c034a1,
        type: 3}
      propertyPath: m_LocalPosition.z
      value: 0
      objectReference: {fileID: 0}
    - target: {fileID: 1794787139179072504, guid: 099a42803650a1249b12b67ed6c034a1,
        type: 3}
      propertyPath: m_LocalRotation.w
      value: 1
      objectReference: {fileID: 0}
    - target: {fileID: 1794787139179072504, guid: 099a42803650a1249b12b67ed6c034a1,
        type: 3}
      propertyPath: m_LocalRotation.x
      value: 0
      objectReference: {fileID: 0}
    - target: {fileID: 1794787139179072504, guid: 099a42803650a1249b12b67ed6c034a1,
        type: 3}
      propertyPath: m_LocalRotation.y
      value: 0
      objectReference: {fileID: 0}
    - target: {fileID: 1794787139179072504, guid: 099a42803650a1249b12b67ed6c034a1,
        type: 3}
      propertyPath: m_LocalRotation.z
      value: 0
      objectReference: {fileID: 0}
    - target: {fileID: 1794787139179072504, guid: 099a42803650a1249b12b67ed6c034a1,
        type: 3}
      propertyPath: m_LocalEulerAnglesHint.x
      value: 0
      objectReference: {fileID: 0}
    - target: {fileID: 1794787139179072504, guid: 099a42803650a1249b12b67ed6c034a1,
        type: 3}
      propertyPath: m_LocalEulerAnglesHint.y
      value: 0
      objectReference: {fileID: 0}
    - target: {fileID: 1794787139179072504, guid: 099a42803650a1249b12b67ed6c034a1,
        type: 3}
      propertyPath: m_LocalEulerAnglesHint.z
      value: 0
      objectReference: {fileID: 0}
    - target: {fileID: 2708537452012057899, guid: 099a42803650a1249b12b67ed6c034a1,
        type: 3}
      propertyPath: m_LocalPosition.x
      value: 0.6
      objectReference: {fileID: 0}
    - target: {fileID: 3019510385282049220, guid: 099a42803650a1249b12b67ed6c034a1,
        type: 3}
      propertyPath: m_Enabled
      value: 0
      objectReference: {fileID: 0}
    - target: {fileID: 3868538167812991434, guid: 099a42803650a1249b12b67ed6c034a1,
        type: 3}
      propertyPath: m_Enabled
      value: 1
      objectReference: {fileID: 0}
    - target: {fileID: 4936248715541973717, guid: 099a42803650a1249b12b67ed6c034a1,
        type: 3}
      propertyPath: m_LocalPosition.z
      value: -0.6
      objectReference: {fileID: 0}
    - target: {fileID: 5523160171013613278, guid: 099a42803650a1249b12b67ed6c034a1,
        type: 3}
      propertyPath: m_IsActive
      value: 0
      objectReference: {fileID: 0}
    - target: {fileID: 6714218340330521775, guid: 099a42803650a1249b12b67ed6c034a1,
        type: 3}
      propertyPath: m_Name
      value: _BaseAttack_R
      objectReference: {fileID: 0}
    m_RemovedComponents:
    - {fileID: 4067947412079063271, guid: 099a42803650a1249b12b67ed6c034a1, type: 3}
  m_SourcePrefab: {fileID: 100100000, guid: 099a42803650a1249b12b67ed6c034a1, type: 3}
--- !u!114 &6112989837689874849 stripped
MonoBehaviour:
  m_CorrespondingSourceObject: {fileID: 1199678634157837528, guid: 099a42803650a1249b12b67ed6c034a1,
    type: 3}
  m_PrefabInstance: {fileID: 4932477890782127481}
  m_PrefabAsset: {fileID: 0}
  m_GameObject: {fileID: 0}
  m_Enabled: 1
  m_EditorHideFlags: 0
  m_Script: {fileID: 11500000, guid: 8e0b921c3bb61c44689679dbd250e31b, type: 3}
  m_Name: 
  m_EditorClassIdentifier: 
--- !u!4 &6673195445415325313 stripped
Transform:
  m_CorrespondingSourceObject: {fileID: 1794787139179072504, guid: 099a42803650a1249b12b67ed6c034a1,
    type: 3}
  m_PrefabInstance: {fileID: 4932477890782127481}
  m_PrefabAsset: {fileID: 0}
--- !u!4 &7054052037705355346 stripped
Transform:
  m_CorrespondingSourceObject: {fileID: 2708537452012057899, guid: 099a42803650a1249b12b67ed6c034a1,
    type: 3}
  m_PrefabInstance: {fileID: 4932477890782127481}
  m_PrefabAsset: {fileID: 0}
--- !u!1001 &6057065687292674628
PrefabInstance:
  m_ObjectHideFlags: 0
  serializedVersion: 2
  m_Modification:
    m_TransformParent: {fileID: 5074074206185974081}
    m_Modifications:
    - target: {fileID: 1199678634157837528, guid: 099a42803650a1249b12b67ed6c034a1,
        type: 3}
      propertyPath: damageValue
      value: 2
      objectReference: {fileID: 0}
    - target: {fileID: 1199678634157837528, guid: 099a42803650a1249b12b67ed6c034a1,
        type: 3}
      propertyPath: parentAttack
      value: 
      objectReference: {fileID: 8053448793002097567}
    - target: {fileID: 1199678634157837528, guid: 099a42803650a1249b12b67ed6c034a1,
        type: 3}
      propertyPath: fireProjectile
      value: 1
      objectReference: {fileID: 0}
    - target: {fileID: 1199678634157837528, guid: 099a42803650a1249b12b67ed6c034a1,
        type: 3}
      propertyPath: projectileSpeed
      value: 6
      objectReference: {fileID: 0}
    - target: {fileID: 1199678634157837528, guid: 099a42803650a1249b12b67ed6c034a1,
        type: 3}
      propertyPath: delayBeforeDestroy
      value: 0
      objectReference: {fileID: 0}
    - target: {fileID: 1669449393858471854, guid: 099a42803650a1249b12b67ed6c034a1,
        type: 3}
      propertyPath: m_LocalScale.x
      value: 0.3
      objectReference: {fileID: 0}
    - target: {fileID: 1669449393858471854, guid: 099a42803650a1249b12b67ed6c034a1,
        type: 3}
      propertyPath: m_LocalPosition.x
      value: 0.15
      objectReference: {fileID: 0}
    - target: {fileID: 1669449393858471854, guid: 099a42803650a1249b12b67ed6c034a1,
        type: 3}
      propertyPath: m_LocalPosition.z
      value: 0
      objectReference: {fileID: 0}
    - target: {fileID: 1794787139179072504, guid: 099a42803650a1249b12b67ed6c034a1,
        type: 3}
      propertyPath: m_RootOrder
      value: 3
      objectReference: {fileID: 0}
    - target: {fileID: 1794787139179072504, guid: 099a42803650a1249b12b67ed6c034a1,
        type: 3}
      propertyPath: m_LocalPosition.x
      value: 0
      objectReference: {fileID: 0}
    - target: {fileID: 1794787139179072504, guid: 099a42803650a1249b12b67ed6c034a1,
        type: 3}
      propertyPath: m_LocalPosition.y
      value: 0
      objectReference: {fileID: 0}
    - target: {fileID: 1794787139179072504, guid: 099a42803650a1249b12b67ed6c034a1,
        type: 3}
      propertyPath: m_LocalPosition.z
      value: 0
      objectReference: {fileID: 0}
    - target: {fileID: 1794787139179072504, guid: 099a42803650a1249b12b67ed6c034a1,
        type: 3}
      propertyPath: m_LocalRotation.w
      value: 0.92387956
      objectReference: {fileID: 0}
    - target: {fileID: 1794787139179072504, guid: 099a42803650a1249b12b67ed6c034a1,
        type: 3}
      propertyPath: m_LocalRotation.x
      value: 0
      objectReference: {fileID: 0}
    - target: {fileID: 1794787139179072504, guid: 099a42803650a1249b12b67ed6c034a1,
        type: 3}
      propertyPath: m_LocalRotation.y
      value: 0
      objectReference: {fileID: 0}
    - target: {fileID: 1794787139179072504, guid: 099a42803650a1249b12b67ed6c034a1,
        type: 3}
      propertyPath: m_LocalRotation.z
      value: 0.38268343
      objectReference: {fileID: 0}
    - target: {fileID: 1794787139179072504, guid: 099a42803650a1249b12b67ed6c034a1,
        type: 3}
      propertyPath: m_LocalEulerAnglesHint.x
      value: 0
      objectReference: {fileID: 0}
    - target: {fileID: 1794787139179072504, guid: 099a42803650a1249b12b67ed6c034a1,
        type: 3}
      propertyPath: m_LocalEulerAnglesHint.y
      value: 0
      objectReference: {fileID: 0}
    - target: {fileID: 1794787139179072504, guid: 099a42803650a1249b12b67ed6c034a1,
        type: 3}
      propertyPath: m_LocalEulerAnglesHint.z
      value: 45
      objectReference: {fileID: 0}
    - target: {fileID: 2708537452012057899, guid: 099a42803650a1249b12b67ed6c034a1,
        type: 3}
      propertyPath: m_LocalPosition.x
      value: 1
      objectReference: {fileID: 0}
    - target: {fileID: 3019510385282049220, guid: 099a42803650a1249b12b67ed6c034a1,
        type: 3}
      propertyPath: m_Enabled
      value: 0
      objectReference: {fileID: 0}
    - target: {fileID: 3868538167812991434, guid: 099a42803650a1249b12b67ed6c034a1,
        type: 3}
      propertyPath: m_Enabled
      value: 1
      objectReference: {fileID: 0}
    - target: {fileID: 4936248715541973717, guid: 099a42803650a1249b12b67ed6c034a1,
        type: 3}
      propertyPath: m_LocalPosition.z
      value: -0.6
      objectReference: {fileID: 0}
    - target: {fileID: 5523160171013613278, guid: 099a42803650a1249b12b67ed6c034a1,
        type: 3}
      propertyPath: m_IsActive
      value: 0
      objectReference: {fileID: 0}
    - target: {fileID: 6714218340330521775, guid: 099a42803650a1249b12b67ed6c034a1,
        type: 3}
      propertyPath: m_Name
      value: _BaseAttack_UR
      objectReference: {fileID: 0}
    m_RemovedComponents:
    - {fileID: 4067947412079063271, guid: 099a42803650a1249b12b67ed6c034a1, type: 3}
  m_SourcePrefab: {fileID: 100100000, guid: 099a42803650a1249b12b67ed6c034a1, type: 3}
--- !u!114 &4947512578744192668 stripped
MonoBehaviour:
  m_CorrespondingSourceObject: {fileID: 1199678634157837528, guid: 099a42803650a1249b12b67ed6c034a1,
    type: 3}
  m_PrefabInstance: {fileID: 6057065687292674628}
  m_PrefabAsset: {fileID: 0}
  m_GameObject: {fileID: 0}
  m_Enabled: 1
  m_EditorHideFlags: 0
  m_Script: {fileID: 11500000, guid: 8e0b921c3bb61c44689679dbd250e31b, type: 3}
  m_Name: 
  m_EditorClassIdentifier: 
--- !u!4 &5541494908981660092 stripped
Transform:
  m_CorrespondingSourceObject: {fileID: 1794787139179072504, guid: 099a42803650a1249b12b67ed6c034a1,
    type: 3}
  m_PrefabInstance: {fileID: 6057065687292674628}
  m_PrefabAsset: {fileID: 0}
--- !u!4 &8185764360863135599 stripped
Transform:
  m_CorrespondingSourceObject: {fileID: 2708537452012057899, guid: 099a42803650a1249b12b67ed6c034a1,
    type: 3}
  m_PrefabInstance: {fileID: 6057065687292674628}
  m_PrefabAsset: {fileID: 0}
--- !u!1001 &6128027955168093331
PrefabInstance:
  m_ObjectHideFlags: 0
  serializedVersion: 2
  m_Modification:
    m_TransformParent: {fileID: 5074074206185974081}
    m_Modifications:
    - target: {fileID: 1199678634157837528, guid: 099a42803650a1249b12b67ed6c034a1,
        type: 3}
      propertyPath: damageValue
      value: 2
      objectReference: {fileID: 0}
    - target: {fileID: 1199678634157837528, guid: 099a42803650a1249b12b67ed6c034a1,
        type: 3}
      propertyPath: parentAttack
      value: 
      objectReference: {fileID: 8053448793002097567}
    - target: {fileID: 1199678634157837528, guid: 099a42803650a1249b12b67ed6c034a1,
        type: 3}
      propertyPath: fireProjectile
      value: 1
      objectReference: {fileID: 0}
    - target: {fileID: 1199678634157837528, guid: 099a42803650a1249b12b67ed6c034a1,
        type: 3}
      propertyPath: projectileSpeed
      value: 6
      objectReference: {fileID: 0}
    - target: {fileID: 1199678634157837528, guid: 099a42803650a1249b12b67ed6c034a1,
        type: 3}
      propertyPath: delayBeforeDestroy
      value: 0
      objectReference: {fileID: 0}
    - target: {fileID: 1669449393858471854, guid: 099a42803650a1249b12b67ed6c034a1,
        type: 3}
      propertyPath: m_LocalScale.x
      value: 0.6
      objectReference: {fileID: 0}
    - target: {fileID: 1669449393858471854, guid: 099a42803650a1249b12b67ed6c034a1,
        type: 3}
      propertyPath: m_LocalPosition.z
      value: 0
      objectReference: {fileID: 0}
    - target: {fileID: 1794787139179072504, guid: 099a42803650a1249b12b67ed6c034a1,
        type: 3}
      propertyPath: m_RootOrder
      value: 2
      objectReference: {fileID: 0}
    - target: {fileID: 1794787139179072504, guid: 099a42803650a1249b12b67ed6c034a1,
        type: 3}
      propertyPath: m_LocalPosition.x
      value: 0
      objectReference: {fileID: 0}
    - target: {fileID: 1794787139179072504, guid: 099a42803650a1249b12b67ed6c034a1,
        type: 3}
      propertyPath: m_LocalPosition.y
      value: 0
      objectReference: {fileID: 0}
    - target: {fileID: 1794787139179072504, guid: 099a42803650a1249b12b67ed6c034a1,
        type: 3}
      propertyPath: m_LocalPosition.z
      value: 0
      objectReference: {fileID: 0}
    - target: {fileID: 1794787139179072504, guid: 099a42803650a1249b12b67ed6c034a1,
        type: 3}
      propertyPath: m_LocalRotation.w
      value: 0.7071068
      objectReference: {fileID: 0}
    - target: {fileID: 1794787139179072504, guid: 099a42803650a1249b12b67ed6c034a1,
        type: 3}
      propertyPath: m_LocalRotation.x
      value: 0
      objectReference: {fileID: 0}
    - target: {fileID: 1794787139179072504, guid: 099a42803650a1249b12b67ed6c034a1,
        type: 3}
      propertyPath: m_LocalRotation.y
      value: 0
      objectReference: {fileID: 0}
    - target: {fileID: 1794787139179072504, guid: 099a42803650a1249b12b67ed6c034a1,
        type: 3}
      propertyPath: m_LocalRotation.z
      value: 0.7071068
      objectReference: {fileID: 0}
    - target: {fileID: 1794787139179072504, guid: 099a42803650a1249b12b67ed6c034a1,
        type: 3}
      propertyPath: m_LocalEulerAnglesHint.x
      value: 0
      objectReference: {fileID: 0}
    - target: {fileID: 1794787139179072504, guid: 099a42803650a1249b12b67ed6c034a1,
        type: 3}
      propertyPath: m_LocalEulerAnglesHint.y
      value: 0
      objectReference: {fileID: 0}
    - target: {fileID: 1794787139179072504, guid: 099a42803650a1249b12b67ed6c034a1,
        type: 3}
      propertyPath: m_LocalEulerAnglesHint.z
      value: 90
      objectReference: {fileID: 0}
    - target: {fileID: 2708537452012057899, guid: 099a42803650a1249b12b67ed6c034a1,
        type: 3}
      propertyPath: m_LocalPosition.x
      value: 0.6
      objectReference: {fileID: 0}
    - target: {fileID: 3019510385282049220, guid: 099a42803650a1249b12b67ed6c034a1,
        type: 3}
      propertyPath: m_Enabled
      value: 0
      objectReference: {fileID: 0}
    - target: {fileID: 3868538167812991434, guid: 099a42803650a1249b12b67ed6c034a1,
        type: 3}
      propertyPath: m_Enabled
      value: 1
      objectReference: {fileID: 0}
    - target: {fileID: 4936248715541973717, guid: 099a42803650a1249b12b67ed6c034a1,
        type: 3}
      propertyPath: m_LocalPosition.z
      value: -0.6
      objectReference: {fileID: 0}
    - target: {fileID: 5523160171013613278, guid: 099a42803650a1249b12b67ed6c034a1,
        type: 3}
      propertyPath: m_IsActive
      value: 0
      objectReference: {fileID: 0}
    - target: {fileID: 6714218340330521775, guid: 099a42803650a1249b12b67ed6c034a1,
        type: 3}
      propertyPath: m_Name
      value: _BaseAttack_U
      objectReference: {fileID: 0}
    m_RemovedComponents:
    - {fileID: 4067947412079063271, guid: 099a42803650a1249b12b67ed6c034a1, type: 3}
  m_SourcePrefab: {fileID: 100100000, guid: 099a42803650a1249b12b67ed6c034a1, type: 3}
--- !u!114 &5020736958615234635 stripped
MonoBehaviour:
  m_CorrespondingSourceObject: {fileID: 1199678634157837528, guid: 099a42803650a1249b12b67ed6c034a1,
    type: 3}
  m_PrefabInstance: {fileID: 6128027955168093331}
  m_PrefabAsset: {fileID: 0}
  m_GameObject: {fileID: 0}
  m_Enabled: 1
  m_EditorHideFlags: 0
  m_Script: {fileID: 11500000, guid: 8e0b921c3bb61c44689679dbd250e31b, type: 3}
  m_Name: 
  m_EditorClassIdentifier: 
--- !u!4 &5612467626505695083 stripped
Transform:
  m_CorrespondingSourceObject: {fileID: 1794787139179072504, guid: 099a42803650a1249b12b67ed6c034a1,
    type: 3}
  m_PrefabInstance: {fileID: 6128027955168093331}
  m_PrefabAsset: {fileID: 0}
--- !u!4 &8114792201716765112 stripped
Transform:
  m_CorrespondingSourceObject: {fileID: 2708537452012057899, guid: 099a42803650a1249b12b67ed6c034a1,
    type: 3}
  m_PrefabInstance: {fileID: 6128027955168093331}
  m_PrefabAsset: {fileID: 0}
